<record><leader>00000cas a22000007a 4500</leader><controlfield tag="001">20551443</controlfield><controlfield tag="008">891026d18831947mduwr ne      0    0eng d</controlfield><datafield ind1=" " ind2=" " tag="010"><subfield code="a">sn 89060226 </subfield></datafield><datafield ind1=" " ind2=" " tag="040"><subfield code="a">MFN</subfield><subfield code="b">eng</subfield><subfield code="c">MFN</subfield><subfield code="d">OCLCQ</subfield></datafield><datafield ind1=" " ind2=" " tag="042"><subfield code="a">msc</subfield></datafield><datafield ind1=" " ind2="4" tag="050"><subfield code="a">AN41.76</subfield><subfield code="b">.E52</subfield></datafield><datafield ind1="0" ind2="0" tag="245"><subfield code="a">St. Mary's enterprise.</subfield></datafield><datafield ind1="3" ind2="0" tag="246"><subfield code="a">Saint Mary's enterprise</subfield></datafield><datafield ind1=" " ind2=" " tag="260"><subfield code="a">Leonardtown, Md. :</subfield><subfield code="b">Frank N. Holmes &amp; Enoch B. Abell</subfield></datafield><datafield ind1=" " ind2=" " tag="300"><subfield code="a">v.</subfield></datafield><datafield ind1=" " ind2=" " tag="310"><subfield code="a">Weekly</subfield></datafield><datafield ind1="1" ind2=" " tag="362"><subfield code="a">Began in 1883.</subfield></datafield><datafield ind1="0" ind2=" " tag="362"><subfield code="a">-v. 60, no. 34 (Oct. 24, 1947).</subfield></datafield><datafield ind1=" " ind2=" " tag="588"><subfield code="a">Description based on: Vol. 1, no. 37 (Dec. 8, 1883).</subfield></datafield><datafield ind1=" " ind2=" " tag="752"><subfield code="a">United States</subfield><subfield code="b">Maryland</subfield><subfield code="c">Saint Mary's</subfield><subfield code="d">Leonardtown.</subfield></datafield><datafield ind1="0" ind2="0" tag="785"><subfield code="t">Enterprise (Leonardtown, Md.)</subfield><subfield code="w">(DLC)sn 89061525</subfield></datafield><datafield ind1="1" ind2=" " tag="029"><subfield code="a">AU@</subfield><subfield code="b">000025848071</subfield></datafield></record>